@online{swinproHome,
   author = {{Tým SwinPro}},
   title = {{Swinpro - Swinpro - Vítejte}},
   url = {https://project.fit.cvut.cz/swinpro/},
   urldate = {2019-02-15},
   date = {2019},
}

@online{swinproDevpage,
   author = {{Tým SwinPro}},
   title = {{Developers – SWINPRO - mlejnjir}},
   url = {https://project.fit.cvut.cz/trac/SWINPRO/wiki/Developers},
   urldate = {2019-02-15},
   date = {2019},
}

@online{swinproDevpage1645,
   author = {{Tým SwinPro}},
   title = {{Changeset 1645 – SWINPRO - mlejnjir}},
   url = {https://project.fit.cvut.cz/trac/SWINPRO/changeset/1645},
   urldate = {2019-02-15},
   date = {2019},
}

@online{swinproDevpage1907,
   author = {{Tým SwinPro}},
   title = {{Changeset 1907 – SWINPRO - mlejnjir}},
   url = {https://project.fit.cvut.cz/trac/SWINPRO/changeset/1907},
   urldate = {2019-02-15},
   date = {2019},
}



@online{czm,
   author = {{Centrum znalostního managementu}},
   title = {{Centrum znalostního managementu FEL ČVUT}},
   url = {http://czm.fel.cvut.cz/cs/},
   urldate = {2019-02-15},
   date = {2018},
}

@online{moodle,
   author = {{Moodle}},
   title = {{Moodle - Open-source learning platform | Moodle.org}},
   url = {https://moodle.org},
   urldate = {2019-02-15},
   date = {2019},
}

@online{moodleFit,
   author = {{Centrum znalostního managementu}},
   title = {{Moodle FIT}},
   url = {http://moodle.fit.cvut.cz},
   urldate = {2019-02-15},
   date = {2019},
}



@online{dbsAuthors,
   author = {{ČVUT FIT}},
   title = {{ Autoři | BI-DBS}},
   url = {https://dbs.fit.cvut.cz/authors/},
   urldate = {2019-02-15},
   date = {2019},
}



@online{courses,
   author = {{ČVUT FIT}},
   title = {{FIT ČVUT Course Pages}},
   url = {https://courses.fit.cvut.cz},
   urldate = {2019-02-15},
   date = {2019},
}

@online{gitlabSource,
   author = {GitLab, Inc.},
   title = {{GitLab.org / GitLab Community Edition · GitLab}},
   url = {https://gitlab.com/gitlab-org/gitlab-ce},
   urldate = {2019-02-15},
   date = {2019},
}



@online{xxxxxx,
   author = {{xxxxxx}},
   title = {{xxxxxx}},
   url = {xxxxxx},
   urldate = {2019-02-15},
   date = {201},
}